<record><leader>00000cas a22000007a 4500</leader><controlfield tag="001">13454495</controlfield><controlfield tag="008">860418d18771915inuwr ne      0    0eng d</controlfield><datafield ind1=" " ind2=" " tag="010"><subfield code="a">sn 86058493 </subfield></datafield><datafield ind1=" " ind2=" " tag="040"><subfield code="a">NPI</subfield><subfield code="b">eng</subfield><subfield code="c">NPI</subfield><subfield code="d">OCLCQ</subfield></datafield><datafield ind1=" " ind2=" " tag="042"><subfield code="a">msc</subfield></datafield><datafield ind1="0" ind2="0" tag="245"><subfield code="a">Hartford City telegram.</subfield></datafield><datafield ind1=" " ind2=" " tag="260"><subfield code="a">Hartford City, Blackford County, Ind. :</subfield><subfield code="b">Benj. A. Vanwinkle</subfield></datafield><datafield ind1=" " ind2=" " tag="300"><subfield code="a">v. :</subfield><subfield code="b">ill. (chiefly advertisements)</subfield></datafield><datafield ind1=" " ind2=" " tag="310"><subfield code="a">Weekly</subfield></datafield><datafield ind1="1" ind2=" " tag="362"><subfield code="a">Began in Aug. 1877.</subfield><subfield code="z">Cf. Miller, John W. Indiana newspaper bibliog.</subfield></datafield><datafield ind1="1" ind2=" " tag="362"><subfield code="a">Ceased in 1915?</subfield></datafield><datafield ind1=" " ind2=" " tag="500"><subfield code="a">"Democratic" Cf. Miller.</subfield></datafield><datafield ind1=" " ind2=" " tag="580"><subfield code="a">Published also in a daily edition called: Evening news (Hartford City, Ind.). Cf. Ayer, N.W. &amp; Son American newspaper annual and directory.</subfield></datafield><datafield ind1=" " ind2=" " tag="588"><subfield code="a">Description based on: Vol. 8, no. 15 (Nov. 6, 1884).</subfield></datafield><datafield ind1=" " ind2=" " tag="752"><subfield code="a">United States</subfield><subfield code="b">Indiana</subfield><subfield code="c">Blackford</subfield><subfield code="d">Hartford City.</subfield></datafield><datafield ind1="1" ind2=" " tag="775"><subfield code="t">Evening news (Hartford City, Ind.</subfield><subfield code="w">(DLC)sn 86058488</subfield></datafield><datafield ind1="1" ind2=" " tag="029"><subfield code="a">AU@</subfield><subfield code="b">000025803346</subfield></datafield></record>